@Article{Hausenblas:arxiv2012,
 author = {Michael Hausenblas and 
           Boris Villazon-Terrazas and
           Richard Cyganiak},
 title = {{Data Shapes and Data Transformations}},
 journal = {arXiv},
 volume = {1211.1565},
 year = {2012}
}

@Article{Helland:ACMQ1,
 author = {Pat Helland},
 title = {{If You Have Too Much Data, then 'Good Enough' Is Good Enough}},
 journal = {ACM Queue},
 volume = {9},
 issue = {5},
 year = {2011},
 pages = {40:40--40:50},
 publisher = {ACM},
 address = {New York, NY, USA}
}

@Article{Elerath:ACMQ1,
 author = {Jon Elerath},
 title = {{Hard Disk Drives: The Good, the Bad and the Ugly!}},
 journal = {Commun. ACM},
 volume = {52},
 number = {6},
 year = {2009},
 pages = {38--45},
 publisher = {ACM},
 address = {New York, NY, USA}
}

@article{Cornwell:ACMQ1,
 author = {Michael Cornwell},
 title = {{Anatomy of a solid-state drive}},
 journal = {Commun. ACM},
 volume = {55},
 number = {12},
 year = {2012},
 pages = {59--63},
 publisher = {ACM},
 address = {New York, NY, USA}
}

@article{Cattell:SIGMOD11,
 author = {Rick Cattell},
 title = {Scalable {SQL} and {NoSQL} data stores},
 journal = {SIGMOD Rec.},
 volume = {39},
 issue = {4},
 year = {2011},
 pages = {12--27},
 publisher = {ACM},
 address = {New York, NY, USA}
}

@inproceedings{He:ICDE11,
  author    = {Yongqiang He and
               Rubao Lee and
               Yin Huai and
               Zheng Shao and
               Namit Jain and
               Xiaodong Zhang and
               Zhiwei Xu},
  title     = {{RCFile: A fast and space-efficient data placement structure
               in MapReduce-based warehouse systems}},
  booktitle = {ICDE},
  year      = {2011},
  pages     = {1199-1208},
  crossref  = {DBLP:conf/icde/2011}
}

@proceedings{DBLP:conf/icde/2011,
  editor    = {Serge Abiteboul and
               Klemens B{\"o}hm and
               Christoph Koch and
               Kian-Lee Tan},
  title     = {Proceedings of the 27th International Conference on Data
               Engineering, ICDE 2011, April 11-16, 2011, Hannover, Germany},
  booktitle = {ICDE},
  publisher = {IEEE Computer Society},
  year      = {2011},
  isbn      = {978-1-4244-8958-9}
}
